{
  "leader": "02611cam a22005771i 4500",
  "fields": [
    {
      "001": "ocm00977189\\"
    },
    {
      "003": "OCoLC"
    },
    {
      "005": "20220701112515.0"
    },
    {
      "008": "740813s1929\\\\\\\\nyu\\\\\\\\\\\\\\\\\\\\\\001\\0\\eng\\\\"
    },
    {
      "010": {
        "ind1": "\\",
        "ind2": "\\",
        "subfields": [
          {
            "a": "   29011990 "
          }
        ]
      }
    },
    {
      "040": {
        "ind1": "\\",
        "ind2": "\\",
        "subfields": [
          {
            "a": "DLC"
          },
          {
            "b": "eng"
          },
          {
            "c": "ITD"
          },
          {
            "d": "DLC"
          },
          {
            "d": "AGL"
          },
          {
            "d": "MEUBL"
          },
          {
            "d": "OCLCO"
          },
          {
            "d": "OCLCF"
          },
          {
            "d": "OCLCQ"
          },
          {
            "d": "CNO"
          },
          {
            "d": "CNUTO"
          },
          {
            "d": "NJR"
          },
          {
            "d": "OCLCA"
          },
          {
            "d": "OCL"
          },
          {
            "d": "OCLCO"
          }
        ]
      }
    },
    {
      "016": {
        "ind1": "7",
        "ind2": "\\",
        "subfields": [
          {
            "a": "CAT10502084"
          },
          {
            "2": "DNAL"
          }
        ]
      }
    },
    {
      "019": {
        "ind1": "\\",
        "ind2": "\\",
        "subfields": [
          {
            "a": "977091814"
          }
        ]
      }
    },
    {
      "035": {
        "ind1": "\\",
        "ind2": "\\",
        "subfields": [
          {
            "a": "(OCoLC)977189"
          },
          {
            "z": "(OCoLC)977091814"
          }
        ]
      }
    },
    {
      "043": {
        "ind1": "\\",
        "ind2": "\\",
        "subfields": [
          {
            "a": "aw-----"
          },
          {
            "a": "a-ai---"
          },
          {
            "a": "a-ir---"
          },
          {
            "a": "a-tu---"
          },
          {
            "a": "ed-----"
          }
        ]
      }
    },
    {
      "050": {
        "ind1": "0",
        "ind2": "0",
        "subfields": [
          {
            "a": "HV380.5"
          },
          {
            "b": ".G4"
          }
        ]
      }
    },
    {
      "070": {
        "ind1": "0",
        "ind2": "\\",
        "subfields": [
          {
            "a": "280"
          },
          {
            "b": "G283"
          }
        ]
      }
    },
    {
      "072": {
        "ind1": "\\",
        "ind2": "7",
        "subfields": [
          {
            "a": "X800"
          }
        ]
      }
    },
    {
      "082": {
        "ind1": "0",
        "ind2": "4",
        "subfields": [
          {
            "a": "361"
          },
          {
            "b": "GEN"
          }
        ]
      }
    },
    {
      "110": {
        "ind1": "1",
        "ind2": "\\",
        "subfields": [
          {
            "a": "General committee of the Near East survey."
          }
        ]
      }
    },
    {
      "245": {
        "ind1": "1",
        "ind2": "4",
        "subfields": [
          {
            "a": "The Near East and American philanthropy :"
          },
          {
            "b": "a survey, conducted under the guidance of the General committee of the Near East survey /"
          },
          {
            "c": "by Frank A. Ross, C. Luther Fry [and] Elbridge Sibley."
          }
        ]
      }
    },
    {
      "260": {
        "ind1": "\\",
        "ind2": "\\",
        "subfields": [
          {
            "a": "New York,"
          },
          {
            "b": "Columbia University Press,"
          },
          {
            "c": "1929."
          }
        ]
      }
    },
    {
      "300": {
        "ind1": "\\",
        "ind2": "\\",
        "subfields": [
          {
            "a": "xiii, 308 pages :"
          },
          {
            "b": "1 leaf ;"
          },
          {
            "c": "23 cm"
          }
        ]
      }
    },
    {
      "336": {
        "ind1": "\\",
        "ind2": "\\",
        "subfields": [
          {
            "a": "text"
          },
          {
            "b": "txt"
          },
          {
            "2": "rdacontent"
          }
        ]
      }
    },
    {
      "337": {
        "ind1": "\\",
        "ind2": "\\",
        "subfields": [
          {
            "a": "unmediated"
          },
          {
            "b": "n"
          },
          {
            "2": "rdamedia"
          }
        ]
      }
    },
    {
      "338": {
        "ind1": "\\",
        "ind2": "\\",
        "subfields": [
          {
            "a": "volume"
          },
          {
            "b": "nc"
          },
          {
            "2": "rdacarrier"
          }
        ]
      }
    },
    {
      "500": {
        "ind1": "\\",
        "ind2": "\\",
        "subfields": [
          {
            "a": "Maps on lining-papers."
          }
        ]
      }
    },
    {
      "500": {
        "ind1": "\\",
        "ind2": "\\",
        "subfields": [
          {
            "a": "Includes index."
          }
        ]
      }
    },
    {
      "500": {
        "ind1": "\\",
        "ind2": "\\",
        "subfields": [
          {
            "a": "O.W. Caldwell, chairman."
          }
        ]
      }
    },
    {
      "505": {
        "ind1": "0",
        "ind2": "0",
        "subfields": [
          {
            "t": "Introduction /"
          },
          {
            "r": "by John H. Finley --"
          },
          {
            "t": "The Near East --"
          },
          {
            "t": "Armenia /"
          },
          {
            "r": "by Frank A. Ross --"
          },
          {
            "t": "Albania /"
          },
          {
            "r": "by C. Luther Fry --"
          },
          {
            "t": "Bulgaria /"
          },
          {
            "r": "by C. Luther Fry --"
          },
          {
            "t": "Greece /"
          },
          {
            "r": "by C. Luther Fry --"
          },
          {
            "t": "Turkey /"
          },
          {
            "r": "by C. Luther Fry --"
          },
          {
            "t": "'Iraq /"
          },
          {
            "r": "by Elbridge Sibley --"
          },
          {
            "t": "Palestine /"
          },
          {
            "r": "by Elbridge Sibley --"
          },
          {
            "t": "Syria /"
          },
          {
            "r": "by Elbridge Sibley."
          }
        ]
      }
    },
    {
      "583": {
        "ind1": "\\",
        "ind2": "\\",
        "subfields": [
          {
            "a": "commitment to retain"
          },
          {
            "c": "20151208"
          },
          {
            "2": "pda"
          },
          {
            "5": "OTUTLD"
          }
        ]
      }
    },
    {
      "610": {
        "ind1": "2",
        "ind2": "0",
        "subfields": [
          {
            "a": "Near East Relief (Organization)"
          }
        ]
      }
    },
    {
      "650": {
        "ind1": "\\",
        "ind2": "0",
        "subfields": [
          {
            "a": "Charities"
          },
          {
            "z": "Middle East."
          }
        ]
      }
    },
    {
      "651": {
        "ind1": "\\",
        "ind2": "0",
        "subfields": [
          {
            "a": "Armenia."
          }
        ]
      }
    },
    {
      "651": {
        "ind1": "\\",
        "ind2": "0",
        "subfields": [
          {
            "a": "Balkan Peninsula."
          }
        ]
      }
    },
    {
      "651": {
        "ind1": "\\",
        "ind2": "0",
        "subfields": [
          {
            "a": "Turkey."
          }
        ]
      }
    },
    {
      "610": {
        "ind1": "2",
        "ind2": "7",
        "subfields": [
          {
            "a": "Near East Relief (Organization)"
          },
          {
            "2": "fast"
          },
          {
            "0": "(OCoLC)fst00585099"
          }
        ]
      }
    },
    {
      "650": {
        "ind1": "\\",
        "ind2": "7",
        "subfields": [
          {
            "a": "Charities."
          },
          {
            "2": "fast"
          },
          {
            "0": "(OCoLC)fst00852404"
          }
        ]
      }
    },
    {
      "651": {
        "ind1": "\\",
        "ind2": "7",
        "subfields": [
          {
            "a": "Armenia."
          },
          {
            "2": "fast"
          },
          {
            "0": "(OCoLC)fst01206470"
          }
        ]
      }
    },
    {
      "651": {
        "ind1": "\\",
        "ind2": "7",
        "subfields": [
          {
            "a": "Balkan Peninsula."
          },
          {
            "2": "fast"
          },
          {
            "0": "(OCoLC)fst01241484"
          }
        ]
      }
    },
    {
      "651": {
        "ind1": "\\",
        "ind2": "7",
        "subfields": [
          {
            "a": "Middle East."
          },
          {
            "2": "fast"
          },
          {
            "0": "(OCoLC)fst01241586"
          }
        ]
      }
    },
    {
      "651": {
        "ind1": "\\",
        "ind2": "7",
        "subfields": [
          {
            "a": "Turkey."
          },
          {
            "2": "fast"
          },
          {
            "0": "(OCoLC)fst01208963"
          }
        ]
      }
    },
    {
      "700": {
        "ind1": "1",
        "ind2": "\\",
        "subfields": [
          {
            "a": "Ross, Frank Alexander,"
          },
          {
            "d": "1888-1968."
          }
        ]
      }
    },
    {
      "700": {
        "ind1": "1",
        "ind2": "\\",
        "subfields": [
          {
            "a": "Fry, C. Luther"
          },
          {
            "q": "(Charles Luther),"
          },
          {
            "d": "1894-1938."
          }
        ]
      }
    },
    {
      "700": {
        "ind1": "1",
        "ind2": "\\",
        "subfields": [
          {
            "a": "Sibley, Elbridge,"
          },
          {
            "d": "1903-1994."
          }
        ]
      }
    },
    {
      "700": {
        "ind1": "1",
        "ind2": "\\",
        "subfields": [
          {
            "a": "Caldwell, Otis W."
          },
          {
            "q": "(Otis William),"
          },
          {
            "d": "1869-1947."
          }
        ]
      }
    },
    {
      "776": {
        "ind1": "0",
        "ind2": "8",
        "subfields": [
          {
            "i": "Online version:"
          },
          {
            "a": "General committee of the Near East survey."
          },
          {
            "t": "Near East and American philanthropy."
          },
          {
            "d": "New York, Columbia University Press, 1929"
          },
          {
            "w": "(OCoLC)608577058"
          }
        ]
      }
    },
    {
      "830": {
        "ind1": "\\",
        "ind2": "0",
        "subfields": [
          {
            "a": "American philanthropy."
          }
        ]
      }
    },
    {
      "994": {
        "ind1": "\\",
        "ind2": "\\",
        "subfields": [
          {
            "a": "Z0"
          },
          {
            "b": "NYRVC"
          }
        ]
      }
    },
    {
      "948": {
        "ind1": "\\",
        "ind2": "\\",
        "subfields": [
          {
            "h": "NO HOLDINGS IN NYRVC - 199 OTHER HOLDINGS"
          }
        ]
      }
    },
    {
      "999": {
        "ind1": "\\",
        "ind2": "\\",
        "subfields": [
          {
            "a": "00000000013794"
          }
        ]
      }
    }
  ]
}